
@inproceedings{krizhevsky2012imagenet,
  title={Imagenet classification with deep convolutional neural networks},
  author={Krizhevsky, Alex and Sutskever, Ilya and Hinton, Geoffrey E},
  booktitle={Advances in neural information processing systems},
  pages={1097--1105},
  year={2012}
}


@inproceedings{peng2015learning,
  title={Learning deep object detectors from 3d models},
  author={Peng, Xingchao and Sun, Baochen and Ali, Karim and Saenko, Kate},
  booktitle={Proceedings of the IEEE International Conference on Computer Vision},
  pages={1278--1286},
  year={2015}
}

@inproceedings{kang2016object,
  title={Object detection from video tubelets with convolutional neural networks},
  author={Kang, Kai and Ouyang, Wanli and Li, Hongsheng and Wang, Xiaogang},
  booktitle={Proceedings of the IEEE Conference on Computer Vision and Pattern Recognition},
  pages={817--825},
  year={2016}
}
